% This file was created with JabRef 2.6.
% Encoding: MacRoman

@BOOK{aki2002,
  title = {Quantitative Seismology},
  publisher = {University Science Books},
  year = {2002},
  author = {Aki, K. and Richards, P. G.},
  address = {Sausalito, California},
  owner = {marcop},
  timestamp = {2010.10.04}
}

@TECHREPORT{bender1987,
  author = {Bender, B. and D. M. Perkins},
  title = {{Seisrisk III: A computer program for seismic hazard estimation}},
  institution = {United States Geological Survey},
  year = {1987},
  type = {Bulletin},
  number = {1772},
  owner = {marcop},
  timestamp = {2010.07.13}
}

@TECHREPORT{chiang1984,
  author = {Chiang, W. L. and Guidi, G. A. and Scoof, C. G. and Shah, H .C.},
  title = {{Computer Programs for Seismic Hazard Analysis - A User Manual (STASHA)}},
  institution = {The J. A. Blume Earthquake Engineering Center},
  year = {1984},
  type = {Report},
  number = {62},
  owner = {marcop},
  pages = {238 pp.},
  timestamp = {2010.10.04}
}

@ARTICLE{cornell1968,
  author = {Cornell, C. A.},
  title = {Engineering Seismic Risk Analysis},
  journal = {Bulletin of the Seismological Society of America},
  year = {1968},
  volume = {58},
  pages = {1583-1606},
  owner = {marcop},
  timestamp = {2010.10.04}
}

@ARTICLE{frankel1995,
  author = {Frankel, A.},
  title = {{Mapping Seismic Hazard in the Central and Eastern United States}},
  journal = {Seismological Research Letters},
  year = {1995},
  volume = {66},
  pages = {8-21},
  number = {4},
  owner = {marcop},
  timestamp = {2010.10.04}
}

@TECHREPORT{harmsen2008,
  author = {Harmsen, S.},
  title = {{Appendix C. Distance to a Fault with Random Strike. In Documentation
	for the 2008 Update of the United States National Seismic Hazard
	Maps}},
  institution = {U.S. Department of the Interior, U.S. Geological Survey},
  year = {2008},
  type = {Open File Report},
  number = {2008-1128},
  owner = {marcop},
  timestamp = {2010.07.09}
}

@ARTICLE{matthews2002,
  author = {Matthews, M. V. and Ells\-worth, W. L. Reasenberg, P. A.},
  title = {A Brownian Model for Recurrent Earthquakes},
  journal = {Bulletin of the Seismological Society of America},
  year = {2002},
  volume = {92},
  pages = {2233-2250},
  number = {6},
  owner = {marcop},
  timestamp = {2010.07.08}
}

@TECHREPORT{pagani2010,
  author = {Pagani, M. and Monelli, D. and Crowley, H. and Danciu, L. and Field,
	E. H. and Wiemer, S. and Giardini, D.},
  title = {{GEM1 Hazard: Description of Input Models, Calculation Engine and
	Main Results}},
  institution = {GEM Foundation},
  year = {2010},
  type = {GEM Technical Report},
  number = {2010-3},
  address = {Pavia, Italy},
  owner = {marcop},
  timestamp = {2010.12.30}
}

@TECHREPORT{petersen2008,
  author = {Petersen, M. D., Frankel, A. D., Harmsen, S. C. and Mueller, C. S.
	and Haller, K. M., Wheeler,},
  title = {Documentation for the 2008 Update of the United States National Seismic
	Hazard Maps},
  institution = {U.S. Department of the Interior, U.S. Geological Survey},
  year = {2008},
  type = {Open File Report},
  number = {2008-1128},
  owner = {marcop},
  timestamp = {2010.07.09}
}

@ARTICLE{rowshandel2006,
  author = {Rowshandel, B.},
  title = {{Incorporating Source Rupture Characteristics into Ground-Motion
	Hazard Analysis Models}},
  journal = {Seism. Res. Lett.},
  year = {2006},
  volume = {77},
  pages = {708-722},
  number = {6},
  owner = {marcop},
  timestamp = {2010.07.07}
}

@ARTICLE{scherbaum2005,
  author = {Scherbaum, F. and Bommer, J. J. and Bongum, H. and Cotton, F. and
	Abrahamson, N. A.},
  title = {Composites Ground-Motion Models and Logic Trees: Methodology, Sensitivities,
	and Uncertainties},
  journal = {Bulletin of the Seismological Society of America},
  year = {2005},
  volume = {95},
  pages = {1575-1593},
  number = {5},
  doi = {10.1785/0120040229},
  owner = {marcop},
  timestamp = {2010.07.19}
}

@ARTICLE{scherbaum2006,
  author = {Scherbaum, F. and Cotton, F. and Staedke, H.},
  title = {The Estimation of Minimum-Misfit Stochastic Models from Empirical
	Ground-Motion Prediction Equations},
  journal = {Bulletin of the Seismological Society of America},
  year = {2006},
  volume = {96},
  pages = {427 - 445},
  owner = {marcop},
  timestamp = {2010.07.23}
}

@TECHREPORT{sshac1997,
  author = {{Senior Seismic Hazard Analysis Committee}},
  title = {Recommendations for Probabilistic Seismic Hazard Analysis: Guidance
	on Uncertainty and Use of Experts},
  institution = {Lawrence Livermore National Laboratory},
  year = {1997},
  number = {NUREG/CR-6372, UCRL-ID-122160, Vol. 1},
  owner = {marcop},
  timestamp = {2010.12.31}
}

@ARTICLE{weichert1980,
  author = {Weichert, D. H.},
  title = {Estimation of the earthquake recurrence parameters for unequal observation
	periods for different magnitudes},
  journal = {Bulletin of the Seismological Society of America},
  year = {1980},
  volume = {70},
  pages = {1337Ð1346},
  owner = {marcop},
  timestamp = {2010.07.13}
}

@TECHREPORT{wheeler2009,
  author = {Wheeler, R. L.},
  title = {{Methods of Mmax Estimation East of the Rocky Mountains}},
  institution = {United States Geological Survey},
  year = {2009},
  type = {Open-File Report},
  number = {2009-1018},
  owner = {marcop},
  timestamp = {2010.09.08}
}

@ARTICLE{woo1996,
  author = {Woo, G.},
  title = {Kernel Estimation Methods for Seismic Hazard Area Source Modeling},
  journal = {Bulletin of the Seismological Society of America},
  year = {1996},
  volume = {86},
  pages = {353-362},
  number = {2},
  owner = {marcop},
  timestamp = {2010.10.04}
}

@comment{jabref-meta: selector_publisher:}

@comment{jabref-meta: selector_author:}

@comment{jabref-meta: selector_journal:Bulletin of the Seismological S
ociety of America;}

@comment{jabref-meta: selector_keywords:}

