% This file was created with JabRef 2.7.
% Encoding: MacRoman

@PHDTHESIS{Baletal2010,
  author = {Bal, I. and Crowley, H. and Pinho, R.},
  title = {Displacement-Based Earthquake Loss Assessment: Method Development
	and Application to Turkish Building Stock},
  school = {Centre for Post-Graduate Training and Research in Earthquake Engineering
	and Engineering Seismology},
  year = {2010},
  owner = {vitorsilva},
  timestamp = {2011.01.31}
}

@TECHREPORT{CrowleyH.2010,
  author = {Crowley, H. and Colombi, M. and Crempien, J. and Erduran, E. and
	Lopez, M. and Liu, H. and Mayfield, M. and Milanesi M.},
  title = {GEM1 Seismic Risk Report: Part 1, GEM Technical Report 2010-5},
  institution = {GEM Foundation},
  year = {2010},
  owner = {helencrowley},
  timestamp = {2011.07.26}
}

@ARTICLE{CrowleyPinho2004,
  author = {Crowley, H. and Pinho, R.},
  title = {Period-height relationship for existing European reinforced concrete
	buildings},
  journal = {Journal of Earthquake Engineering},
  year = {2004},
  volume = {8},
  pages = {93-120},
  owner = {vitorsilva},
  timestamp = {2011.01.25}
}

@TECHREPORT{FEMA440ATC2005,
  author = {FEMA-440:ATC},
  title = {Improvement of Nonlinear Static Seismic Analysis Procedures,},
  institution = {California, USA},
  year = {2005},
  owner = {vitorsilva},
  timestamp = {2011.01.25}
}

@comment{jabref-meta: selector_publisher:}

@comment{jabref-meta: selector_author:}

@comment{jabref-meta: selector_journal:}

@comment{jabref-meta: selector_keywords:}

